<?xml version="1.0" encoding="UTF-8"?><collection xmlns="http://www.loc.gov/MARC21/slim"><record><leader>00389nam--2200133-i-4500</leader><controlfield tag="001">000036193</controlfield><controlfield tag="002">20161230</controlfield><controlfield tag="005">20161230201040</controlfield><controlfield tag="008">060222s1000------------r-----000-0-eng-d</controlfield><datafield ind1=" " ind2=" " tag="100"><subfield code="a">O`Brien,Morrough And Folson,Richard G</subfield></datafield><datafield ind1=" " ind2=" " tag="245"><subfield code="a">The axial adjustment of deepwell turbine pumps</subfield></datafield><datafield ind1=" " ind2=" " tag="260"><subfield code="a">Berkeley, Univ.Of California Press, 1940. 7p</subfield></datafield><datafield ind1=" " ind2=" " tag="490"><subfield code="a">Univ.Calif.Publ.In Engg</subfield></datafield><datafield ind1=" " ind2=" " tag="852"><subfield code="a">15525</subfield></datafield></record></collection>